<?xml version="1.0" encoding="UTF-8" ?>
<collection xmlns:xsi="http://www.w3.org/2001/XMLSchema-instance"
    xsi:schemaLocation="http://www.loc.gov/MARC21/slim
        http://www.loc.gov/standards/marcxml/schema/MARC21slim.xsd"
    xmlns="http://www.loc.gov/MARC21/slim">
<record>
  <leader>00237cam a2200445 i 4500</leader>
  <controlfield tag="001">b12707600</controlfield>
  <controlfield tag="003">LeBAU</controlfield>
  <controlfield tag="005">20161229</controlfield>
  <controlfield tag="008">971009s1908    ti            ||0 0 ara d</controlfield>
  <datafield tag="035" ind1=" " ind2=" ">
    <subfield code="a">ocn784472359</subfield>
  </datafield>
  <datafield tag="040" ind1=" " ind2=" ">
    <subfield code="a">LEAUB</subfield>
    <subfield code="b">ara</subfield>
    <subfield code="e">rda</subfield>
    <subfield code="c">LEAUB</subfield>
    <subfield code="d">LEAUB</subfield>
  </datafield>
  <datafield tag="082" ind1="0" ind2="4">
    <subfield code="a">961.103</subfield>
    <subfield code="2">22</subfield>
  </datafield>
  <datafield tag="100" ind1="0" ind2=" ">
    <subfield code="6">880-01</subfield>
    <subfield code="a">Ḥusayn Khūjah,</subfield>
    <subfield code="d">-1732?</subfield>
    <subfield code="e">author.</subfield>
  </datafield>
  <datafield tag="245" ind1="1" ind2="0">
    <subfield code="6">880-02</subfield>
    <subfield code="a">al-Dhayl li-kitāb Bashāʼir ahl al-īmān fī futūḥāt Āl ʻUthmān :</subfield>
    <subfield code="b">yataḍaman tarājim nukhbah min fuḍalāʼ al-Tūnisīyīn wa-ghayrihim /</subfield>
    <subfield code="c">ta’līf al-fāḍil al-adīb al-mu’arrikh al-Shaykh Ḥusayn Khūjah ibn ‘Alī ibn Sulaymān al-Ḥanafī ra’īs dīwān al-inshā’ bi-al-ḥāḍirah al-Tūnisīyah wa-turjumān al-dawlah al-Ḥusaynīyah al-mutawaffá sanat 1169.</subfield>
  </datafield>
  <datafield tag="246" ind1="3" ind2="0">
    <subfield code="6">880-03</subfield>
    <subfield code="a">Bashāʼir ahl al-īmān</subfield>
  </datafield>
  <datafield tag="264" ind1=" " ind2="1">
    <subfield code="6">880-04</subfield>
    <subfield code="a">Tūnis :</subfield>
    <subfield code="b">al-Maṭbaʻah al-Rasmīyah al-‘Arabīyah,</subfield>
    <subfield code="c">1336 [H.] = 1908 [M.]</subfield>
  </datafield>
  <datafield tag="300" ind1=" " ind2=" ">
    <subfield code="6">880-05</subfield>
    <subfield code="a">12, 247 pages ;</subfield>
    <subfield code="c">24 cm</subfield>
  </datafield>
  <datafield tag="336" ind1=" " ind2=" ">
    <subfield code="a">text</subfield>
    <subfield code="b">txt</subfield>
    <subfield code="2">rdacontent</subfield>
  </datafield>
  <datafield tag="337" ind1=" " ind2=" ">
    <subfield code="a">unmediated</subfield>
    <subfield code="b">n</subfield>
    <subfield code="2">rdamedia</subfield>
  </datafield>
  <datafield tag="338" ind1=" " ind2=" ">
    <subfield code="a">volume</subfield>
    <subfield code="b">nc</subfield>
    <subfield code="2">rdacarrier</subfield>
  </datafield>
  <datafield tag="563" ind1=" " ind2=" ">
    <subfield code="a">تم تجليد الفهرس في آخر الكتاب من النسخة الثانية عن طريق الخطأ.</subfield>
  </datafield>
  <datafield tag="650" ind1=" " ind2="4">
    <subfield code="a">الاسلام</subfield>
    <subfield code="z">تونس</subfield>
    <subfield code="v">تراجم.</subfield>
  </datafield>
  <datafield tag="650" ind1=" " ind2="0">
    <subfield code="a">Islam</subfield>
    <subfield code="z">Tunisia</subfield>
    <subfield code="v">Biography.</subfield>
  </datafield>
  <datafield tag="651" ind1=" " ind2="4">
    <subfield code="a">تونس</subfield>
    <subfield code="x">تاريخ</subfield>
    <subfield code="y">1516-1881.</subfield>
  </datafield>
  <datafield tag="651" ind1=" " ind2="4">
    <subfield code="a">تونس</subfield>
    <subfield code="v">تراجم.</subfield>
  </datafield>
  <datafield tag="651" ind1=" " ind2="0">
    <subfield code="a">Tunisia</subfield>
    <subfield code="x">History</subfield>
    <subfield code="y">1516-1881.</subfield>
  </datafield>
  <datafield tag="651" ind1=" " ind2="0">
    <subfield code="a">Tunisia</subfield>
    <subfield code="v">Biography.</subfield>
  </datafield>
  <datafield tag="775" ind1="0" ind2=" ">
    <subfield code="6">880-06</subfield>
    <subfield code="t">ذيل بشائر اهل الايمان بفتوحات آل عثمان</subfield>
    <subfield code="d">Lībyā : al-Dār al-‘Arabīyah lil-Kitāb, 1975</subfield>
    <subfield code="w">(OCoLC)784472368</subfield>
    <subfield code="w">(OCoLC)784472368</subfield>
    <subfield code="a">Dhayl Bashāʼir ahl al-īmān fī futūḥāt Āl ʻUthmān</subfield>
  </datafield>
  <datafield tag="852" ind1=" " ind2=" ">
    <subfield code="a">Jafet Library</subfield>
    <subfield code="e">American University of Beirut, Bliss Street , Beirut, Lebanon.</subfield>
  </datafield>
  <datafield tag="880" ind1="0" ind2=" ">
    <subfield code="6">100-01/(3/r</subfield>
    <subfield code="a">حسين خوجة،</subfield>
    <subfield code="d">-1732?</subfield>
    <subfield code="e">مؤلف. </subfield>
    <subfield code="4">aut.</subfield>
  </datafield>
  <datafield tag="880" ind1="1" ind2="0">
    <subfield code="6">245-02/(3/r</subfield>
    <subfield code="a">الذيل لكتاب بشائر أهل الإيمان في فتوحات آل عثمان :</subfield>
    <subfield code="b">يتضمن تراجم نخبة من فضلاء التونسيين وغيرهم /</subfield>
    <subfield code="c">تأليف الفاضل الأديب المؤرخ الشيخ حسين خوجه إبن علي بن سليمان الحنفي رئيس ديوان الإنشاء بالحاضرة التونسية وترجمان الدولة الحسينية المتوفى سنة 1169.</subfield>
  </datafield>
  <datafield tag="880" ind1="3" ind2="0">
    <subfield code="6">246-03/(3/r</subfield>
    <subfield code="a">بشائر أهل الإيمان</subfield>
  </datafield>
  <datafield tag="880" ind1=" " ind2="1">
    <subfield code="6">264-04/(3/r</subfield>
    <subfield code="a">تونس :</subfield>
    <subfield code="b">المطبعة الرسمية العربية،</subfield>
    <subfield code="c">1336 [هـ.] = 1908 [م.]</subfield>
  </datafield>
  <datafield tag="880" ind1=" " ind2=" ">
    <subfield code="6">300-05/(3/r</subfield>
    <subfield code="a">12، 247 صفحة ؛</subfield>
    <subfield code="c">24 سم</subfield>
  </datafield>
  <datafield tag="880" ind1="0" ind2=" ">
    <subfield code="6">775-06/(3/r</subfield>
    <subfield code="a">Dhayl Bashāʼir ahl al-īmān fī futūḥāt Āl ʻUthmān</subfield>
    <subfield code="d">ليبيا : الدار العربية للكتاب، 1975</subfield>
    <subfield code="w">b12707624</subfield>
  </datafield>
  <datafield tag="907" ind1=" " ind2=" ">
    <subfield code="a">.b12707600</subfield>
    <subfield code="b">17-01-04</subfield>
    <subfield code="c">11-05-24</subfield>
  </datafield>
  <datafield tag="907" ind1=" " ind2=" ">
    <subfield code="a">.b12707600</subfield>
    <subfield code="b">15-10-15</subfield>
    <subfield code="c">11-05-24</subfield>
  </datafield>
  <datafield tag="945" ind1=" " ind2=" ">
    <subfield code="f">J</subfield>
    <subfield code="a">961.103:K45dA:1908:c.1</subfield>
    <subfield code="i">01056835</subfield>
    <subfield code="j">.i13260911</subfield>
    <subfield code="l">u0503</subfield>
  </datafield>
  <datafield tag="945" ind1=" " ind2=" ">
    <subfield code="f">J</subfield>
    <subfield code="a">961.103:K45dA:1908:c.2</subfield>
    <subfield code="i">01056725</subfield>
    <subfield code="j">.i13259878</subfield>
    <subfield code="l">u0503</subfield>
  </datafield>
  <datafield tag="998" ind1=" " ind2=" ">
    <subfield code="a">u05</subfield>
    <subfield code="b">97-10-09</subfield>
    <subfield code="c">m</subfield>
    <subfield code="d">a</subfield>
    <subfield code="e">-</subfield>
    <subfield code="f">ara</subfield>
    <subfield code="g">ti </subfield>
    <subfield code="h">0</subfield>
    <subfield code="i">1</subfield>
  </datafield>
</record>
</collection>
